@article{mohamed2020decolonial,
  title={Decolonial AI: Decolonial theory as sociotechnical foresight in artificial intelligence},
  author={Mohamed, Shakir and Png, Marie-Therese and Isaac, William},
  journal={Philosophy \& Technology},
  volume={33},
  pages={659--684},
  year={2020},
  publisher={Springer}
}
@book{rouvier2017language,
  title={Language Documentation, Revitalization and Reclamation [: Supporting Young Learners and Their Communities},
  author={Rouvier, Ruth},
  year={2017},
  publisher={Education Development Center}
}
