@inproceedings{levesque2012winograd,
  title={The winograd schema challenge},
  author={Levesque, Hector and Davis, Ernest and Morgenstern, Leora},
  booktitle={Thirteenth international conference on the principles of knowledge representation and reasoning},
  year={2012}
}
